<?xml version="1.0" encoding="UTF-8"?><collection xmlns="http://www.loc.gov/MARC21/slim"><record><leader>00517nam--2200181-u-4500</leader><controlfield tag="001">000051658</controlfield><controlfield tag="002">20161230</controlfield><controlfield tag="005">20161230201049</controlfield><controlfield tag="008">080813s1000------------r-----000-0-rus-d</controlfield><datafield ind1=" " ind2=" " tag="040"><subfield code="a">IFIN-HH</subfield></datafield><datafield ind1=" " ind2=" " tag="041"><subfield code="a">rus</subfield></datafield><datafield ind1=" " ind2=" " tag="080"><subfield code="a">519</subfield></datafield><datafield ind1="1" ind2=" " tag="100"><subfield code="a">Volgin,L.I</subfield></datafield><datafield ind1="1" ind2="0" tag="245"><subfield code="a">Matematicheskie Struktury Skalyarnykh Operatorov. Svoistva i Zakony, Nomenklatura Vosproivodimykh Operatsii</subfield><subfield code="c">L.I. Volgin</subfield></datafield><datafield ind1=" " ind2=" " tag="260"><subfield code="a">Tallin</subfield><subfield code="b">Akademia Nauk Estonii</subfield><subfield code="c">1991</subfield></datafield><datafield ind1=" " ind2=" " tag="300"><subfield code="a">40 p</subfield></datafield><datafield ind1=" " ind2=" " tag="852"><subfield code="a">79811</subfield><subfield code="c">517.5</subfield></datafield><datafield ind1=" " ind2=" " tag="CAT"><subfield code="a">Sys</subfield><subfield code="c">20120314</subfield><subfield code="h">163721</subfield></datafield></record></collection>